@online{dynProgLang,
    title = {Dynamic Programming Languages},
    organization = {Mozilla},
    url = {https://developer.mozilla.org/en- US/docs/Glossary/Dynamic_programming_ language},
}
@online{eval,
    title = {Eval},
    organization = {Mozilla},
    url = {https://developer.mozilla.org/en-US/docs/Web/JavaScript/Reference/Global_Objects/eval},
}
@online{evalSecurity,
    title = {Eval Security},
    organization = {Google},
    url = {https://developers.google.com/web/fundamentals/security/csp#eval_too},
}
@online{neverUseEval,
    title = {Never Use Eval},
    organization = {Mozilla},
    url = {https://developer.mozilla.org/en-US/docs/Web/JavaScript/Reference/Global_Objects/eval#never_use_eval!},
}
@online{defineProperty,
    title = {Define Property},
    organization = {Mozilla},
    url = {https://developer.mozilla.org/en-US/docs/Web/JavaScript/Reference/Global_Objects/Object/defineProperty},
}
@online{delete,
    title = {Delete},
    organization = {Mozilla},
    url = {https://developer.mozilla.org/en-US/docs/Web/JavaScript/Reference/Operators/delete},
}
@online{firstClassFunctions,
    title = {First Class Functions},
    organization = {Mozilla},
    url = {https://developer.mozilla.org/en-US/docs/Glossary/First-class_Function},
}
@book{functionalJs4,
    title = {Functional Javascript},
    author = {Michael Fogus},
    year = {2013}
}
@online{identifier,
    title = {Identifier},
    organization = {Mozilla},
    url = {https://developer.mozilla.org/en-US/docs/Glossary/Identifier},
}
@online{uml,
    title = {What is UML},
    organization = {Visual Paradigm},
    url = {https://www.visual-paradigm.com/guide/uml-unified-modeling-language/what-is-uml/},
}
@online{schaefer,
    title = {Field-based Call Graph Construction for JavaScript},
    author = {Max Schaefer},
    url = {https://github.com/xiemaisi/acg.js},
}
@online{ebnf,
    title = {Information technology — Syntactic metalanguage — Extended BNF},
    organization = {ISO},
    url = {https://www.iso.org/standard/26153.html},
}
@online{jsCfg,
    title = {Grammar Summary},
    organization = {ECMA International},
    url = {https://262.ecma-international.org/8.0/#sec-grammar-summary},
}
@online{arrowFn,
    title = {Arrow Function Expressions},
    organization = {Mozilla},
    url = {https://developer.mozilla.org/en-US/docs/Web/JavaScript/Reference/Functions/Arrow_functions},
}
@online{hoisting,
    title = {Hoisting},
    organization = {Mozilla},
    url = {https://developer.mozilla.org/en-US/docs/Glossary/Hoisting},
}
@online{es2015,
    title = {ECMAScript 2015 Language Specification},
    organization = {ECMA International},
    url = {https://262.ecma-international.org/6.0/},
}
@online{estree,
    title = {ESTree Spec},
    organization = {estree},
    url = {https://github.com/estree/estree},
}
@online{esprima,
    title = {Esprima},
    organization = {jQuery},
    url = {https://github.com/jquery/esprima},
}
@online{typeNarrowing,
    title = {Narrowing},
    organization = {TypeScript},
    url = {https://www.typescriptlang.org/docs/handbook/2/narrowing.html},
}
@online{typePredicates,
    title = {Type Predicates},
    organization = {TypeScript},
    url = {https://www.typescriptlang.org/docs/handbook/2/narrowing.html#using-type-predicates},
}
